@article{Gjerdrum_2012,
 author = {Gjerdrum, C.
and Fifield, D.A.  
and Wilhelm, S.I.},
 title = {Eastern Canada Seabirds at Sea (ECSAS) standardized protocol for pelagic seabird surveys from moving and stationary platforms.},
 journal   = {Can. Wildl. Serv. Tech. Rep. Ser.},
 year = {2012},
 volume = {No. 515},
 pages = {vi + 37~pp},
 url = {https://publications.gc.ca/collections/collection_2012/ec/CW69-5-515-eng.pdf}
}

@manual{RCoreTeam_2023,
	title = {R: A Language and Environment for Statistical Computing},
	author = {R Core Team},
	organization = {R Foundation for Statistical Computing},
        address = {Vienna, Austria},
	year = {2023},
	url = {https://www.R-project.org/}
}

@manual{SBE_2024a,
	title = {Calculate Temperature and Conductivity Slope and Offset Correction Coefficients. Application Note 31.},
	author = {Sea-Bird Scientific},
	year = {2024},
	url = {https://www.seabird.com/sbe-4-conductivity-sensor/product-downloads?id=60762467707}
}

@manual{SBE_2024b,
	title = {SBE 43 DO Sensor Calibration and Data Corrections. Application Note 64-2.},
	author = {Sea-Bird Scientific},
	year = {2024},
	url = {https://www.seabird.com/sbe-43-dissolved-oxygen-sensor/product-downloads?id=60762467728/}
}


@article{Therriault_1998,
 author = {Therriault, J.-C.
and Petrie, B. 
and Pepin, P. 
and Gagnon, J. 
and Gregory, D. 
and Helbig, J. 
and Herman, A. 
and Lefaivre, D. 
and Mitchell, M. 
and Pelchat, B. 
and Runge, J. 
and Sameoto, D.},
 title = {Proposal for a Northwest Atlantic Zonal Monitoring Program.},
 journal   = {Can. Tech. Rep. Fish. Hydrogr. Ocean Sci.},
 year = {1998},
 volume = {194},
 pages = {vii + 57~p},
 url = {https://waves-vagues.dfo-mpo.gc.ca/library-bibliotheque/224076.pdf}
}

@article{Bittig_2018,
 author = {Bittig, H.C.
and Steinhoff, T. 
and Claustre, H. 
and Fiedler, B. 
and Williams, NL. 
and Sauzéde, R. 
and Körtzinger, A. 
and Gattuso, J-P.},
 title = {An Alternative to Static Climatologies: Robust Estimation of Open Ocean CO2 Variables and Nutrient Concentrations From T, S, and O2 Data Using Bayesian Neural Networks.},
 journal   = {Front. Mar. Sci.},
 year = {2018},
 volume = {5:328},
 url = {https://doi.org/10.3389/fmars.2018.00328}
}

@article{Roesler_2017,
 author = {Roesler, C.
and Uitz, J. 
and Claustre, H. 
and Boss, E. 
and Xing, X. 
and Organelli, E. 
and Briggs, N. 
and Bricaud, A.
and Schmechtig, C.
and Poteau, A.
and D'Ortenzio, F.
and Ras, J.
and Drapeau, S.
and Haëntjens, N.
and Barbieux, M.},
 title = {Recommendations for obtaining unbiased chlorophyll estimates from {\emph{in situ}} chlorophyll fluorometers: A global analysis of WET Labs ECO sensors},
 journal   = {Limnol. Oceanogr. Methods}, 
 year = {2017}, 
 volume = {15},
 pages = {572-585},
 url = {https://doi.org/10.1002/lom3.10185}
}

@manual{IOC_2010,
	title = {The international thermodynamic equation of seawater – 2010: Calculation and use of thermodynamic properties. Manuals and Guides 56},
	author = {{Intergovernmental Oceanographic Commission}},
	year = {2010},
        pages = {196 pp},
	url = {http://teos-10.org/pubs/TEOS-10_Manual.pdf.}
}

@article{Mitchell_2002,
 author = {Mitchell, M.R.
and Harrison, G. 
and Kevin, K. 
and Gagné, A. 
and Maillet, G. 
and Strain, P.},
 title = {Atlantic Zonal Monitoring Program Sampling Protocol.},
 journal   = {Can. Tech. Rep. Fish. Hydrogr. Ocean Sci.},
 year = {2002},
 volume = {223},
 pages = {iv + 23~p},
 url = {https://waves-vagues.dfo-mpo.gc.ca/library-bibliotheque/265754.pdf}
}

@article{Dickson_2007,
 author = {Dickson, A.G.
and Sabine, C.L. 
and Christian (Eds.)., J.R.},
 title = {Guide to Best Practices for Ocean CO2 Measurements.},
 journal   = {PICES Special Publication},
 year = {2007},
 volume = {3},
 pages = {191~p},
 url = {https://www.nodc.noaa.gov/ocads/oceans/Handbook_2007.html}
}

@article{Head_1992,
 author = {Head, E.J.H.
and Harris, L.R.},
 title = {Chlorophyll and carotenoid transformation and destruction by {\emph{Calanus}} spp. grazing on diatoms.},  
 journal   = {Mar. Ecol. Prog. Ser.},
 year = {1992},
 volume = {86},
 pages = {229-238},
 url = {https://www.int-res.com/articles/meps/86/m086p229.pdf}
}

@article{Li_2001,
 author = {Li, B.
and Dickie, P.M.},
 title = {Monitoring phytoplankton, bacterioplankton, and virioplankton in a coastal inlet (Bedford Basin) by flow cytometry.},
 journal   = {Cytometry.},
 year = {2001},
 volume = {44},
 pages = {236-246},
 url = {https://doi.org/10.1002/1097-0320(20010701)44:3<236::AID-CYTO1116>3.0.CO;2-5}

}

@article{Hoepffner_1992,
 author = {Hoepffner, N.
and Sathyendranath, S.},
 title = {Bio-optical characteristics of coastal waters: Absorption spectra of phytoplankton and pigment distribution in the western North Atlantic.},
 journal   = {Limnol. Ocean.},
 year = {1992},
 volume = {37(8)},
 pages = {1660-1679},
 url = {https://doi.org/10.4319/lo.1992.37.8.1660}
}

@article{Hoepffner_1993,
 author = {Hoepffner, N.
and Sathyendranath, S.},
 title = {Determination of the major groups of phytoplankton pigments from the absorption spectra of total particulate matter.},
 journal   = {J. Geophys. Res.},
 year = {1993},
 volume = {98(C12)},
 pages = {22789-22803},
 url = {https://doi.org/10.1029/93JC01273}
}

@inbook{Mannino_2019,
 author = {Mannino, A.
and Novak, M.G. 
and Nelson, N.B. 
and Belz, M. 
and Berthon, N.V. 
and Blough, E.J. 
and Boss, E. 
and Bricaud, A. 
and Chaves, J. 
and Del Castillo, C. 
and Del Vecchio, R. 
and D'Sa, E.J.
and Freeman, S.
and Matsuoka, A.
and Miller, R.L.
and Neeley A.R.
and Röttgers, R.
and Tzortziou, M. 
and Werdell, P.J.},
 title = {Measurement protocol of absorption by chromophoric dissolved organic matter (CDOM) and other dissolved materials.},
 booktitle = {Inherent Optical Property Measurements and Protocols: Absorption Coefficient.},
 journal   = {IOCCG Ocean Optics and Biogeochemistry Protocols for Satellite Ocean Colour Sensor Validation.},
 year = {2019},
 publisher = {IOCCG, Dartmouth, NS, Canada},
 url = {https://ioccg.org/wp-content/uploads/2019/10/cdom_abs_protocol_public_draft-19oct-2019-sm.pdf}
}

@article{Devine_2014,
 author = {Devine, L.
and Kennedy, M.K. 
and St-Pierre, I. 
and Lafleur, C. 
and Ouellet, M. 
and Bond, S.},
 title = {BioChem: the Fisheries and Oceans Canada database for biological and chemical data.},
 journal   = {Can. Tech. Rep. Fish. Aquat. Sci.},
 year = {2014},
 volume = {3073},
 pages = {iv + 40~p},
 url = {https://waves-vagues.dfo-mpo.gc.ca/library-bibliotheque/351319.pdf}
}

@article{Beazley_2024,
 author = {Beazley, L.
and Cardoso, D. 
and Gordon, C. 
and Gjerdrum, C.},
 title = {Mission Report for the Maritimes Region Atlantic Zone Monitoring Program 2024 Spring Survey (TEL2024880).},
 journal   = {Can. Tech. Rep. Hydrogr. Ocean Sci.},
 year = {2024},
 volume = {386},
 pages = {vii 102~p},
 url = {https://waves-vagues.dfo-mpo.gc.ca/library-bibliotheque/41269986.pdf}
}

@article{Cetinic_2016,
 author = {Cetinić, I.
 and Poulton, N.  
 and Slade, W.H.},
 title = {Characterizing the phytoplankton soup: pump and plumbing effects on the particle assemblage in underway optical seawater systems.},
 journal   = {Optics Express},
 year = {2016},
 volume = {24(18)},
 pages = {13~pp},
 url = {https://doi.org/10.1364/OE.24.020703}
}

@article{wong2020, 
    title={Argo data 1999-2019: Two million temperature-salinity profiles and subsurface velocity observations from a global array of profiling floats}, 
    volume={7}, 
    doi={10.3389/fmars.2020.00700}, 
    journal={Frontiers in Marine Science}, 
    author={Wong, Annie P. and Wijffels, Susan E. and Riser, Stephen C. and Pouliquen, Sylvie and Hosoda, Shigeki and Roemmich, Dean and Gilson, John and Johnson, Gregory C. and Martini, Kim and Murphy, David J. and et al.}, 
    year={2020}, 
    month={Sep},
}
